@article{einstein,
    author =       "Albert Einstein",
    title =        "{Zur Elektrodynamik bewegter K{\"o}rper}. ({German})
        [{On} the electrodynamics of moving bodies]",
    journal =      "Annalen der Physik",
    volume =       "322",
    number =       "10",
    pages =        "891--921",
    year =         "1905",
    DOI =          "http://dx.doi.org/10.1002/andp.19053221004"
}
 
@book{latexcompanion,
    author    = "Michel Goossens and Frank Mittelbach and Alexander Samarin",
    title     = "The \LaTeX\ Companion",
    year      = "1993",
    publisher = "Addison-Wesley",
    address   = "Reading, Massachusetts"
}
 
@misc{knuthwebsite,
    author    = "Donald Knuth",
    title     = "Knuth: Computers and Typesetting",
    url       = "http://www-cs-faculty.stanford.edu/\~{}uno/abcde.html"
}

@book{36160220110101,
Abstract = {},
Author = {Gomaa, Hassan},
ISBN = {9780521764148},
Publisher = {Cambridge University Press},
Title = {Software Modeling and Design : UML, Use Cases, Patterns, and Software Architectures.},
URL = {http://search.ebscohost.com/login.aspx?direct=true&db=nlebk&AN=361602&site=eds-live},
Year = {2011},
}

@book{93513120150101,
Abstract = {},
Author = {Miller, Rick},
ISBN = {9781932504118},
Publisher = {Pulp Free Press},
Title = {C# for Artists : The Art, Philosophy, and Science of Object-oriented Programming.},
Volume = {Second edition},
URL = {http://search.ebscohost.com/login.aspx?direct=true&db=nlebk&AN=935131&site=eds-live},
Year = {2015},
}

@book{27494020090101,
Abstract = {},
Author = {Lee, Wei-Meng},
ISBN = {9780470285817},
Publisher = {Wrox},
Series = {Wrox Programmer's References},
Title = {C# 2008 Programmer's Reference.},
URL = {http://search.ebscohost.com/login.aspx?direct=true&db=nlebk&AN=274940&site=eds-live},
Year = {2009},
}
@article{S073658531830140020180801,
Abstract = {},
Author = {Barkadehi, Mohammadreza Hazhirpasand and Nilashi, Mehrbaksh and Ibrahim, Othman and Zakeri Fardi, Ali and Samad, Sarminah},
ISSN = {0736-5853},
Journal = {Telematics and Informatics},
Keywords = {Two-factor authentication, Two-way verification, Login systems, Security, Two phases},
Number = {5},
Pages = {1491 - 1511},
Title = {Authentication systems: A literature review and classification.},
Volume = {35},
URL = {http://search.ebscohost.com/login.aspx?direct=true&db=edselp&AN=S0736585318301400&site=eds-live},
Year = {2018},
}
@article{S174228761630031720160601,
Abstract = {},
Author = {Yoon, Jongseong and Jeong, Doowon and Kang, Chul-hoon and Lee, Sangjin},
ISSN = {1742-2876},
Journal = {Digital Investigation},
Keywords = {Database forensics, Digital forensics, NoSQL DBMS, Document store NoSQL DBMS, MongoDB},
Pages = {53 - 65},
Title = {Forensic investigation framework for the document store NoSQL DBMS: MongoDB as a case study.},
Volume = {17},
URL = {http://search.ebscohost.com/login.aspx?direct=true&db=edselp&AN=S1742287616300317&site=eds-live},
Year = {2016},
}
@article{13214346620180901,
Abstract = {},
ISSN = {1991959X},
Journal = {Geoscientific Model Development},
Keywords = {VIRTUAL machine systems, UNIFIED modeling language, AEROSOLS (Sprays), COMPREHENSIVE Tests of Basic Skills, PYTHON (Computer program language)},
Number = {9},
Pages = {3647 - 3657},
Title = {Using a virtual machine environment for developing, testing, and training for the UM-UKCA composition-climate model, using Unified Model version 10.9 and above.},
Volume = {11},
URL = {http://search.ebscohost.com/login.aspx?direct=true&db=a9h&AN=132143466&site=eds-live},
Year = {2018},
}

@article{S235271101830050520190101,
Abstract = {},
Author = {Galizia, Antonella and Zereik, Gabriele and Roverelli, Luca and Danovaro, Emanuele and Clematis, Andrea and D’Agostino, Daniele},
ISSN = {2352-7110},
Journal = {SoftwareX},
Keywords = {AngularJS, Web form, Science gateways},
Pages = {28 - 34},
Title = {Json-GUI—A module for the dynamic generation of form-based web interfaces.},
Volume = {9},
URL = {http://search.ebscohost.com/login.aspx?direct=true&db=edselp&AN=S2352711018300505&site=eds-live},
Year = {2019},
}